@article{goryca2019,
	title={Revealing exciton masses and dielectric properties of monolayer semiconductors with high magnetic fields},
	author={Goryca, Mateusz and Li, Jing and Stier, Andreas V and Taniguchi, Takashi and Watanabe, Kenji and Courtade, Emmanuel and Shree, Shivangi and Robert, Cedric and Urbaszek, Bernhard and Marie, Xavier and others},
	journal={Nature communications},
	volume={10},
	number={1},
	pages={4172},
	year={2019},
	publisher={Nature Publishing Group UK London}
}
@article{stier2018,
	title={Magnetooptics of exciton Rydberg states in a monolayer semiconductor},
	author={Stier, Andreas V and Wilson, Nathan P and Velizhanin, Kirill A and Kono, Junichiro and Xu, Xiaodong and Crooker, Scott A},
	journal={Physical review letters},
	volume={120},
	number={5},
	pages={057405},
	year={2018},
	publisher={APS}
}